@online{restfulapi,
  title = {RESTful API},
  url   = {https://www.interserver.net/}
}
@online{signalr,
  title = {SignalR},
  url   = {https://learn.microsoft.com/}
}