@online{restfulapi,
  title   = {RESTful API},
  url     = {https://www.interserver.net/},
  urldate = {2023-09-18}
}
@online{signalr,
  title   = {SignalR},
  url     = {https://learn.microsoft.com/},
  urldate = {2023-09-18}
}