@online{react,
  title   = {React},
  url     = {https://reactjs.org/},
  urldate = {2023-09-27},
  sortkey = {01}
}
@online{angular,
  title   = {Angular},
  url     = {https://angular.io/},
  urldate = {2023-09-27},
  sortkey = {02}
}
@online{redux,
  title   = {Redux},
  url     = {https://redux.js.org/},
  urldate = {2023-09-27},
  sortkey = {03}
}
@online{efcore,
  title   = {Entity Framework Core},
  url     = {https://docs.microsoft.com/en-us/ef/core/},
  urldate = {2023-09-27},
  sortkey = {04}
}
@online{restfulapi,
  title   = {RESTful API},
  url     = {https://www.interserver.net/},
  urldate = {2023-09-18},
  sortkey = {05}
}
@online{signalr,
  title   = {SignalR},
  url     = {https://learn.microsoft.com/},
  urldate = {2023-09-18},
  sortkey = {06}
}
@online{vsstudio,
  title   = {Visual Studio},
  url     = {https://visualstudio.microsoft.com/},
  urldate = {2023-09-18},
  sortkey = {07}
}
@online{docker,
  title   = {Docker},
  url     = {https://www.docker.com/resources/what-container/},
  urldate = {2024-03-16},
  sortkey = {08}
}
@online{droneci,
  title   = {Drone CI},
  url     = {https://www.drone.io},
  urldate = {2024-03-16},
  sortkey = {09}
}
@online{axios,
  title   = {Axios},
  url     = {https://axios-http.com/},
  urldate = {2023-09-27},
  sortkey = {10}
}
@online{joi,
  title   = {Joi},
  url     = {https://joi.dev/},
  urldate = {2023-09-27},
  sortkey = {11}
}
@online{styled-components,
  title   = {Styled Components},
  url     = {https://styled-components.com/},
  urldate = {2023-09-27},
  sortkey = {12}
}